
%------------------------------------------------------------------------
%
%    Copyright (C) 1985-2020  Georg Umgiesser
%
%    This file is part of SHYFEM.
%
%    SHYFEM is free software: you can redistribute it and/or modify
%    it under the terms of the GNU General Public License as published by
%    the Free Software Foundation, either version 3 of the License, or
%    (at your option) any later version.
%
%    SHYFEM is distributed in the hope that it will be useful,
%    but WITHOUT ANY WARRANTY; without even the implied warranty of
%    MERCHANTABILITY or FITNESS FOR A PARTICULAR PURPOSE. See the
%    GNU General Public License for more details.
%
%    You should have received a copy of the GNU General Public License
%    along with SHYFEM. Please see the file COPYING in the main directory.
%    If not, see <http://www.gnu.org/licenses/>.
%
%    Contributions to this file can be found below in the revision log.
%
%------------------------------------------------------------------------

@string{AA="Acta Adriatica"}
@string{AE="Atmospheric Environment"}
@string{AG="Annales Geophysicae"}
@string{AMM="Appl. Math. Modelling"}
@string{AWR="Advances in Water Resources"}
@string{BGTA="Bollettino di Geofisica Teorica ed Applicata"}
@string{BOTA="Bollettino di Oceanologia Teorica ed Applicata"}
@string{CANM="Communications in Applied Numerical Methods"}
@string{CAP="Contributions to Atmospheric Physics"}
@string{CE="Coastal Engineering"}
@string{CES="Coastal Estuarine Science"}
@string{CF="Computers {\&} Fluids"}
@string{CMAME="Computer Methods in Applied Mechanics and Engineering"}
@string{CMSH="Computational Methods in Surface Hydrology"}
@string{CSR="Continental Shelf Research"}
@string{DAO="Dynamics of Atmospheres and Oceans"}
@string{DHC="Delft Hydraulics Communications"}
@string{DHZ="Deutsche Hydrographische Zeitschrift"}
@string{DK="Die {K\"{u}ste}"}
@string{DSR="Deep-Sea Research"}
@string{ECSS="Estuarine, Coastal and Shelf Science"}
@string{ESR="Earth-Science Reviews"}
@string{GJRAS="Geophys. J. R. Astr. Soc."}
@string{IJNME="International Journal for Numerical Methods in Engineering"}
@string{IJNMF="International Journal for Numerical Methods in Fluids"}
@string{INC="Il Nuovo Cimento"}
@string{JAM="Journal of Applied Meteorology"}
@string{JAS="Journal of the Atmospheric Sciences"}
@string{JC="Journal of Climate"}
@string{JCP="Journal of Computational Physics"}
@string{JEED="Journal of the Environmental Engineering Division"}
@string{JFM="Journal of Fluid Mechanics"}
@string{JG="Journal of Glaciology"}
@string{JGR="Journal of Geophysical Research"}
@string{JHD="Journal of the Hydraulics Division"}
@string{JHE="Journal of Hydraulic Engineering"}
@string{JHR="Journal of Hydraulic Research"}
@string{JM="Journal of Meteorology"}
@string{JMS="Journal of Marine Systems"}
@string{JMSJ="Journal of the Meteorological Society of Japan"}
@string{JPO="Journal of Physical Oceanography"}
@string{JSED="Journal of the Sanitary Engineering Division"}
@string{LNM="Lecture Notes in Mathematics"}
@string{MG="Marine Geology"}
@string{MWR="Monthly Weather Review"}
@string{NM="Numer. Math."}
@string{NMWR="Numerical Methods in Water Resources"}
@string{OA="Oceanologica Acta"}
@string{OO="Oceanologia"}
@string{PITT="Pubblicazioni dell'Istituto Talassografico, Trieste"}
@string{PO="Progress in Oceanography"}
@string{PTRSL="Philosophical Transactions of the Royal Society of London"}
@string{QJRMS="Quart. J. R. Met. Soc."}
@string{SJNA="Siam J. Numer. Anal."}
@string{SJSSC="Siam J. Sci. Stat. Comput."}
@string{TT="Tellus"}
@string{WR="Water Research"}
@string{WRR="Water Resources Research"}

@string{CNR="Consiglio Nazionale delle Ricerche"}
@string{DH="Delft Hydraulics"}
@string{DHI="Danish Hydraulic Institute"}
@string{DHL="Delft Hydraulics Laboratory"}
@string{MPI="Max-Planck-Institut {f\"ur} Meteorologie, Hamburg"}
