
%------------------------------------------------------------------------
%
%    Copyright (C) 1985-2020  Georg Umgiesser
%
%    This file is part of SHYFEM.
%
%    SHYFEM is free software: you can redistribute it and/or modify
%    it under the terms of the GNU General Public License as published by
%    the Free Software Foundation, either version 3 of the License, or
%    (at your option) any later version.
%
%    SHYFEM is distributed in the hope that it will be useful,
%    but WITHOUT ANY WARRANTY; without even the implied warranty of
%    MERCHANTABILITY or FITNESS FOR A PARTICULAR PURPOSE. See the
%    GNU General Public License for more details.
%
%    You should have received a copy of the GNU General Public License
%    along with SHYFEM. Please see the file COPYING in the main directory.
%    If not, see <http://www.gnu.org/licenses/>.
%
%    Contributions to this file can be found below in the revision log.
%
%------------------------------------------------------------------------

@INCOLLECTION{Smagorinsky1993,
        AUTHOR    = "J. Smagorinsky",
        YEAR      = "1993",
        TITLE     = "{Some historical remarks on the use of non-linear
                      viscosities - 1.1 Introductory remarks}",
        BOOKTITLE = "{Large Eddy Simulation of Complex Engineering and
                     Geophysical Flows, Proceedings of an International
                     Workshop in Large Eddy Simulation}",
        EDITOR    = "{B. Galperin and S. A. Orszag}",
        PUBLISHER = "{Cambridge University Press}",
        ADDRESS   = "{Cambridge, UK}",
        PAGES     = "1-32"
}
@BOOK{Fisher1979,
        AUTHOR = "H. B. Fisher and E. J. List and R. C. j. Koh and J. Imberger
                  and N. H. Brooks",
        YEAR   = "1979",
        TITLE  = "{Mixing in Inland and Coastal Waters}",
        SERIES = "International Geophysics Series",
        PUBLISHER = "Academic Press",
        VOLUME = "66",
        ADDRESS ="San Diego, USA",
        NOTE  = "302 pp"
}
@Article{Grawe2010,
        author="Gr{\"a}we, U. and Wolff, J.-O.",
        title="{Suspended particulate matter dynamics in a particle framework}",
        journal="Environ. Fluid Mech.",
        year="2010",
        volume="10",
        number="1",
        pages="21--39",
        doi="10.1007/s10652-009-9141-8"
}
